@string{FAST = {FAST USENIX Conference on File and Storage Technologies}}
@string{ATC = {USENIX Annual Technical Conference}}
@string{MSST = {IEEE Symposium on Mass Storage Systems and Technologies}}
@string{HOTS = {USENIX HotStorage}}
@string{HOTP = {USENIX HotPower}}
@string{IPCCC = {IEEE International Performance Computing and Communications
                  Conference}}
@string{ISCA = {International Symposium on Computer Architecture}}
@string{HPCA = {International Symposium on High Performance Computer
                  Architecture}}
@string{MASCOTS = {IEEE International Symposium on Modeling, Analysis \&
                  Simulation of Computer and Telecommunication Systems}}
@string{ICPE = {International Conference on Performance Engineering}}
@string{SIGMOD = {Proceedings of the ACM SIGMOD International Conference on
                  Management of Data}}
@string{ASPLOS = {Proceedings of the International Conference on Architectural
                  Support for Programming Languages and Operating Systems}}
@string{ICS = {Proceedings of the International Conference on Supercomputing}}
@string{HPCC = {Proceedings of the IEEE International Conference on High
                  Performance Computing and Communications}}
@string{SIGMOD = {Proceedings of the Special Interest Group on Management of
                  Data}}
@string{SOSP = {Proceedings of the Twenty-First ACM Symposium on Operating
                  Systems Principles}}
@string{SIGCOMM = {Proceedings of the Annual Conference of the Special Interest
                  Group on Data Communication}}

@inproceedings{DULO,
author = {Song Jian and Xiaoning Ding and Feng Chen and Enhua Tan and Xiaodong
                  Zhang},
title = {{DULO: An Effective Buffer Cache Management Scheme to Exploit Both
                  Temporal and Spatial Locality}},
booktitle = FAST,
year = 2005
}

@inproceedings{FIOS,
author = {Stan Park and Kai Shen},
title = {{FIOS: A Fair, Efficient Flash I/O Scheduler}},
booktitle = FAST,
year = 2012
}

@inproceedings{power-model,
author = {John C. McCullough and Yuvraj Agarwal and Jaideep Chandrashekar},
title = {{Evaluating the Effectiveness of Model-Based Power Characterization}},
booktitle = ATC,
year = 2011
}

@inproceedings{ssd-tradeoffs,
author = {Nitin Agrawal and Vijayan Prabhakaram and Ted Wobber and John D. Davis
                  and Mark Manasse and Rina Panigraphy},
title = {{Design Tradeoffs for SSD Performance}},
booktitle = ATC,
year = 2008
}

@inproceedings{flashy-prefetch,
author = {Ahsen Uppal and Ron Chiang and H. Howie Huang},
title = {{Flashy Prefetching for High-Performance Flash Drives}},
booktitle = MSST,
year = 2012
}

@article{linux-ssd-subsystem,
author = {Suri Brahmaroutu and Rajesh Patel and Harikrishnan Rajagopalan and
                  Ashokan Vellimalai and Sumanth Vidyadhara},
title = {{Fine Grained Linux I/O Subsystem Enhancements to Harness Solid State
                  Storage}},
journal = {Dell Inc.},
year = 2011
}

@inproceedings{sequential-from-random,
author = {Young Jin Yu and Dong In Shin and Woong Shin and Nae Young Song and
                  Hyeonsang Eom and Heon Young Yeom},
title = {{Exploiting Peak Device Throughput from Random Access Workload}},
booktitle = HOTS,
year = 2012
}

@inproceedings{ssd-energy-efficiency,
author = {Euiseong Seo and Seon Yeong Park and Bhuvan Urgaonkar},
title = {{Empirical Analysis on Energy Efficiency of Flash-based SSDs}},
booktitle = HOTP,
year = 2008
}

@inproceedings{hard-disk-power,
author = {John Zedlewski and Sumeet Sobti and Nitin Garg and Fengzhou Zheng and
                  Arvind Krishnamurthy and Randolph Wang},
title = {{Modeling Hard-Disk Power Consumption}},
booktitle = FAST,
year = 2003
}

@article{disk-spindown,
author = {David P. Helmbold and Darrell D. E. Long and Tracey L. Sconyers and
                  Bruce Sherrod},
title = {Adaptive disk spin-down for mobile computers},
journal = {Mobile Networks and Applications},
year = 2000,
pages = 297
}

@inproceedings{disk-aware-spin-down,
author = {Timothy Bisson and Scott A. Brandt and Darrell D. E. Long},
title = {{A Hybrid Disk-Aware Spin-Down Algorithm with I/O Subsystem Support}},
booktitle = IPCCC,
year = 2007
}

@inproceedings{nand-cache,
author = {Taeho Kgil and David Roberts and Trevor Mudge},
title = {{Improving NAND Flash based Disk Cache}},
booktitle = ISCA,
year = 2008
}

@inproceedings{extern-cache-energy-saving,
author = {Luis Useche and Jorge Guerra and Medha Bhadkamkar and Mauricio Alarcon
                  and Raju Rangaswami},
title = {{EXCES: External caching in energy saving storage systems}},
booktitle = HPCA,
year = 2008
}

@inproceedings{srcmap,
author = {Akshat Verma and Ricardo Koller and Luis Useche and Raju Rangaswami},
title = {{SRCMap: energy proportional storage using dynamic consolidation}},
booktitle = FAST,
year = 2010
}

@inproceedings{flash-disk-hybrid,
author = {Laura Prada and Jos\'{e} Daniel Garc\'{i}a S\'{a}nchez and Jes\'{u}s
                  Carretero and F\'{e}lix Garc\'{i}a},
title = {Saving power in flash and disk hybrid storage system},
booktitle = MASCOTS,
year = 2009
}

@inproceedings{pb-lru,
author = {Qinbo Zhu and Asim Shankar and Yuanyaun Zhou},
title = {{PB-LRU: A Self-Tuning Power Aware Storage Cache Replacement Algorithm
                  for Conserving Disk Energy}},
booktitle = {In Proceedings of the 18th International Conference on
                  Supercomputing},
year = 2004
}

@inproceedings{optimizing-benchmarks,
author = {Meikel Poess and Raghunath Nambiar and Kushagra Vaid},
title = {Optimizing benchmark configurations for energy efficiency},
booktitle = ICPE,
year = 2011
}

@inproceedings{database-energy,
author = {Dimitris Tsirogiannis and Stavros Harizopoulos and Mehul A. Shah},
title = {Analyzing the energy efficiency of a database server},
booktitle = SIGMOD,
year = 2010
}

@inproceedings{powernap,
author = {David Meisner and Brian T. Gold and Thomas F. Wenisch},
title = {PowerNap: eliminating server idle power},
booktitle = ASPLOS,
year = 2009
}

@inproceedings{hystor,
author = {Feng Chen and David A. Koufaty and Xiadong Zhang},
title = {Hystor: making the best use of solid state drives in high performance
                  storage systems},
booktitle = ICS,
year = 2011
}

@inproceedings{power-aware-storage,
author = {Laura Prada and Javier Garcia and J. Daniel Garcia and Jesus Carretero
                  and Alberto Nunez},
title = {{A Power-Aware Based Storage Architecture for High Performance
                  Computing}},
booktitle = HPCC,
year = 2011
}

@inproceedings{flashsim,
author = {Youngjae Kim and Brendan Tauras and Aayush Gupta and Dragos Mihai and
                  Nistor Bhuvan Urganokar},
title = {{FlashSim: A Simulator for NAND Flash-based Solid-State Drives}},
booktitle = {Advances in System Simulation},
year = 2009
}

@techreport{DM-Cache,
author = {Eric Van Hensbergen and Ming Zhao},
title = {{Dynamic Policy Disk Caching for Storage Networking}},
institution = {IBM Research},
number = {RC24123 (W0611-189)},
month = {November},
year = 2006
}

@misc{flashcache,
author = {{Facebook Inc}},
title = {{Facebook FlashCache}},
howpublished = {\url{https://github.com/facebook/flashcache}}
}

@techreport{data-center-power,
author = {{U.S. EPA}},
title = {Report to congress on server and data energy efficiency},
institution = {U.S. Environmental Protection Agency},
year = 2007,
month = aug
}

@inproceedings{enterprise-ssd,
author = {Sang-Won Lee and Bongki Moon and Chanik Park and Jae-Myung
                  Kim and Sang-Woo Kim},
title = {A case for flash memory ssd in enterprise database
                  applications},
booktitle = SIGMOD,
year = 2008
}

@inproceedings{chord,
author = {Ion Stoica and Robert Morris and David Karger and M. Frans Kaashoek
                  and Hari Balakrishnan},
title = {{Chord: A Scalable Peer-to-peer Lookup Service for Internet
                  Applications}},
booktitle = SIGCOMM,
year = 2001
}

@inproceedings{dynamo,
author = {Giuseppe DeCandia and Deniz Hastorun and Madan Jampani and Gunavardhan
                  Kakulapati and Avinash Lakshman and Alex Pitchin and
                  Swaminathan Sivasubramanian and Peter Vosshali and Werner
                  Vogels},
title = {{Dynamo: Amazon's Highly Available Key-value Store}},
booktitle = SOSP,
year = 2007
}

@inproceedings{spindown-algorithms,
author = {Timothy Bisson and Scott A. Brandt},
title = {{Adaptive Disk Spin-down Algorithms in Practice}},
booktitle = FAST,
year = 2004
}